@article{Bornmann2021,
  title = {Growth rates of modern science: a latent piecewise growth curve approach to model publication numbers from established and new literature databases},
  volume = {8},
  ISSN = {2662-9992},
  url = {http://dx.doi.org/10.1057/s41599-021-00903-w},
  DOI = {10.1057/s41599-021-00903-w},
  number = {1},
  journal = {Humanities and Social Sciences Communications},
  publisher = {Springer Science and Business Media LLC},
  author = {Bornmann,  Lutz and Haunschild,  Robin and Mutz,  R\"{u}diger},
  year = {2021},
  month = oct 
}

@inproceedings{wadden-etal-2020,
    title = "Fact or Fiction: Verifying Scientific Claims",
    author = "Wadden, David  and
      Lin, Shanchuan  and
      Lo, Kyle  and
      Wang, Lucy Lu  and
      van Zuylen, Madeleine  and
      Cohan, Arman  and
      Hajishirzi, Hannaneh",
    editor = "Webber, Bonnie  and
      Cohn, Trevor  and
      He, Yulan  and
      Liu, Yang",
    booktitle = "Proceedings of the 2020 Conference on Empirical Methods in Natural Language Processing (EMNLP)",
    month = nov,
    year = "2020",
    address = "Online",
    publisher = "Association for Computational Linguistics",
    url = "https://aclanthology.org/2020.emnlp-main.609/",
    doi = "10.18653/v1/2020.emnlp-main.609",
    pages = "7534--7550",
}

@inproceedings{kotonya-toni-2020,
    title = "Explainable Automated Fact-Checking for Public Health Claims",
    author = "Kotonya, Neema  and
      Toni, Francesca",
    editor = "Webber, Bonnie  and
      Cohn, Trevor  and
      He, Yulan  and
      Liu, Yang",
    booktitle = "Proceedings of the 2020 Conference on Empirical Methods in Natural Language Processing (EMNLP)",
    month = nov,
    year = "2020",
    address = "Online",
    publisher = "Association for Computational Linguistics",
    url = "https://aclanthology.org/2020.emnlp-main.623/",
    doi = "10.18653/v1/2020.emnlp-main.623",
    pages = "7740--7754",
}

@article{diggelmann-etal-2020,
  author       = {Thomas Diggelmann and
                  Jordan L. Boyd{-}Graber and
                  Jannis Bulian and
                  Massimiliano Ciaramita and
                  Markus Leippold},
  title        = {{CLIMATE-FEVER:} {A} Dataset for Verification of Real-World Climate
                  Claims},
  journal      = {CoRR},
  volume       = {abs/2012.00614},
  year         = {2020},
  url          = {https://arxiv.org/abs/2012.00614},
  eprinttype    = {arXiv},
  eprint       = {2012.00614},
  timestamp    = {Sun, 02 Oct 2022 15:32:07 +0200},
  biburl       = {https://dblp.org/rec/journals/corr/abs-2012-00614.bib},
  bibsource    = {dblp computer science bibliography, https://dblp.org}
}

@inproceedings{sarrouti-etal-2021,
    title = "Evidence-based Fact-Checking of Health-related Claims",
    author = "Sarrouti, Mourad  and
      Ben Abacha, Asma  and
      Mrabet, Yassine  and
      Demner-Fushman, Dina",
    editor = "Moens, Marie-Francine  and
      Huang, Xuanjing  and
      Specia, Lucia  and
      Yih, Scott Wen-tau",
    booktitle = "Findings of the Association for Computational Linguistics: EMNLP 2021",
    month = nov,
    year = "2021",
    address = "Punta Cana, Dominican Republic",
    publisher = "Association for Computational Linguistics",
    url = "https://aclanthology.org/2021.findings-emnlp.297/",
    doi = "10.18653/v1/2021.findings-emnlp.297",
    pages = "3499--3512",
}

@inproceedings{saakyan-etal-2021,
    title = "{COVID}-Fact: Fact Extraction and Verification of Real-World Claims on {COVID}-19 Pandemic",
    author = "Saakyan, Arkadiy  and
      Chakrabarty, Tuhin  and
      Muresan, Smaranda",
    editor = "Zong, Chengqing  and
      Xia, Fei  and
      Li, Wenjie  and
      Navigli, Roberto",
    booktitle = "Proceedings of the 59th Annual Meeting of the Association for Computational Linguistics and the 11th International Joint Conference on Natural Language Processing (Volume 1: Long Papers)",
    month = aug,
    year = "2021",
    address = "Online",
    publisher = "Association for Computational Linguistics",
    url = "https://aclanthology.org/2021.acl-long.165/",
    doi = "10.18653/v1/2021.acl-long.165",
    pages = "2116--2129",
}

@inproceedings{mohr-etal-2022,
    title = "{C}o{VERT}: A Corpus of Fact-checked Biomedical {COVID}-19 Tweets",
    author = {Mohr, Isabelle  and
      W{\"u}hrl, Amelie  and
      Klinger, Roman},
    editor = "Calzolari, Nicoletta  and
      B{\'e}chet, Fr{\'e}d{\'e}ric  and
      Blache, Philippe  and
      Choukri, Khalid  and
      Cieri, Christopher  and
      Declerck, Thierry  and
      Goggi, Sara  and
      Isahara, Hitoshi  and
      Maegaard, Bente  and
      Mariani, Joseph  and
      Mazo, H{\'e}l{\`e}ne  and
      Odijk, Jan  and
      Piperidis, Stelios",
    booktitle = "Proceedings of the Thirteenth Language Resources and Evaluation Conference",
    month = jun,
    year = "2022",
    address = "Marseille, France",
    publisher = "European Language Resources Association",
    url = "https://aclanthology.org/2022.lrec-1.26/",
    pages = "244--257",
}

@inproceedings{wadden-etal-2022,
    title = "{S}ci{F}act-Open: Towards open-domain scientific claim verification",
    author = "Wadden, David  and
      Lo, Kyle  and
      Kuehl, Bailey  and
      Cohan, Arman  and
      Beltagy, Iz  and
      Wang, Lucy Lu  and
      Hajishirzi, Hannaneh",
    editor = "Goldberg, Yoav  and
      Kozareva, Zornitsa  and
      Zhang, Yue",
    booktitle = "Findings of the Association for Computational Linguistics: EMNLP 2022",
    month = dec,
    year = "2022",
    address = "Abu Dhabi, United Arab Emirates",
    publisher = "Association for Computational Linguistics",
    url = "https://aclanthology.org/2022.findings-emnlp.347/",
    doi = "10.18653/v1/2022.findings-emnlp.347",
    pages = "4719--4734",
}

@misc{park2024,
      title={Interdisciplinary Papers Supported by Disciplinary Grants Garner Deep and Broad Scientific Impact}, 
      author={Minsu Park and Suman Kalyan Maity and Stefan Wuchty and Dashun Wang},
      year={2024},
      eprint={2303.14732},
      archivePrefix={arXiv},
      primaryClass={cs.DL},
      url={https://arxiv.org/abs/2303.14732}, 
}

@misc{xu2022,
      title={Quantifying hierarchy in scientific teams}, 
      author={Fengli Xu and Lingfei Wu and James A. Evans},
      year={2022},
      eprint={2210.05852},
      archivePrefix={arXiv},
      primaryClass={cs.DL},
      url={https://arxiv.org/abs/2210.05852}, 
}

@inproceedings{cohan-etal-2020-specter,
    title = "{SPECTER}: Document-level Representation Learning using Citation-informed Transformers",
    author = "Cohan, Arman  and
      Feldman, Sergey  and
      Beltagy, Iz  and
      Downey, Doug  and
      Weld, Daniel",
    editor = "Jurafsky, Dan  and
      Chai, Joyce  and
      Schluter, Natalie  and
      Tetreault, Joel",
    booktitle = "Proceedings of the 58th Annual Meeting of the Association for Computational Linguistics",
    month = jul,
    year = "2020",
    address = "Online",
    publisher = "Association for Computational Linguistics",
    url = "https://aclanthology.org/2020.acl-main.207/",
    doi = "10.18653/v1/2020.acl-main.207",
    pages = "2270--2282",
}

@misc{patel2025,
      title={StyleDistance: Stronger Content-Independent Style Embeddings with Synthetic Parallel Examples}, 
      author={Ajay Patel and Jiacheng Zhu and Justin Qiu and Zachary Horvitz and Marianna Apidianaki and Kathleen McKeown and Chris Callison-Burch},
      year={2025},
      eprint={2410.12757},
      archivePrefix={arXiv},
      primaryClass={cs.CL},
      url={https://arxiv.org/abs/2410.12757}, 
}

@misc{jiang2023mistral7b,
      title={Mistral 7B}, 
      author={Albert Q. Jiang and Alexandre Sablayrolles and Arthur Mensch and Chris Bamford and Devendra Singh Chaplot and Diego de las Casas and Florian Bressand and Gianna Lengyel and Guillaume Lample and Lucile Saulnier and Lélio Renard Lavaud and Marie-Anne Lachaux and Pierre Stock and Teven Le Scao and Thibaut Lavril and Thomas Wang and Timothée Lacroix and William El Sayed},
      year={2023},
      eprint={2310.06825},
      archivePrefix={arXiv},
      primaryClass={cs.CL},
      url={https://arxiv.org/abs/2310.06825}, 
}

@article{qwen2,
      title={Qwen2 Technical Report}, 
      author={An Yang and Baosong Yang and Binyuan Hui and Bo Zheng and Bowen Yu and Chang Zhou and Chengpeng Li and Chengyuan Li and Dayiheng Liu and Fei Huang and Guanting Dong and Haoran Wei and Huan Lin and Jialong Tang and Jialin Wang and Jian Yang and Jianhong Tu and Jianwei Zhang and Jianxin Ma and Jin Xu and Jingren Zhou and Jinze Bai and Jinzheng He and Junyang Lin and Kai Dang and Keming Lu and Keqin Chen and Kexin Yang and Mei Li and Mingfeng Xue and Na Ni and Pei Zhang and Peng Wang and Ru Peng and Rui Men and Ruize Gao and Runji Lin and Shijie Wang and Shuai Bai and Sinan Tan and Tianhang Zhu and Tianhao Li and Tianyu Liu and Wenbin Ge and Xiaodong Deng and Xiaohuan Zhou and Xingzhang Ren and Xinyu Zhang and Xipin Wei and Xuancheng Ren and Yang Fan and Yang Yao and Yichang Zhang and Yu Wan and Yunfei Chu and Yuqiong Liu and Zeyu Cui and Zhenru Zhang and Zhihao Fan},
      journal={arXiv preprint arXiv:2407.10671},
      year={2024}
}

@misc{hu2021lora,
      title={LoRA: Low-Rank Adaptation of Large Language Models}, 
      author={Edward J. Hu and Yelong Shen and Phillip Wallis and Zeyuan Allen-Zhu and Yuanzhi Li and Shean Wang and Lu Wang and Weizhu Chen},
      year={2021},
      eprint={2106.09685},
      archivePrefix={arXiv},
      primaryClass={cs.CL},
      url={https://arxiv.org/abs/2106.09685}, 
}

@misc{zhang2020bertscore,
      title={BERTScore: Evaluating Text Generation with BERT}, 
      author={Tianyi Zhang and Varsha Kishore and Felix Wu and Kilian Q. Weinberger and Yoav Artzi},
      year={2020},
      eprint={1904.09675},
      archivePrefix={arXiv},
      primaryClass={cs.CL},
      url={https://arxiv.org/abs/1904.09675}, 
}

@inproceedings{lin-2004-rouge,
    title = "{ROUGE}: A Package for Automatic Evaluation of Summaries",
    author = "Lin, Chin-Yew",
    booktitle = "Text Summarization Branches Out",
    month = jul,
    year = "2004",
    address = "Barcelona, Spain",
    publisher = "Association for Computational Linguistics",
    url = "https://aclanthology.org/W04-1013/",
    pages = "74--81"
}

@inproceedings{tang-etal-2024-minicheck,
    title = "{M}ini{C}heck: Efficient Fact-Checking of {LLM}s on Grounding Documents",
    author = "Tang, Liyan  and
      Laban, Philippe  and
      Durrett, Greg",
    editor = "Al-Onaizan, Yaser  and
      Bansal, Mohit  and
      Chen, Yun-Nung",
    booktitle = "Proceedings of the 2024 Conference on Empirical Methods in Natural Language Processing",
    month = nov,
    year = "2024",
    address = "Miami, Florida, USA",
    publisher = "Association for Computational Linguistics",
    url = "https://aclanthology.org/2024.emnlp-main.499/",
    doi = "10.18653/v1/2024.emnlp-main.499",
    pages = "8818--8847",
}

@misc{deitke2024molmo,
      title={Molmo and PixMo: Open Weights and Open Data for State-of-the-Art Vision-Language Models}, 
      author={Matt Deitke and Christopher Clark and Sangho Lee and Rohun Tripathi and Yue Yang and Jae Sung Park and Mohammadreza Salehi and Niklas Muennighoff and Kyle Lo and Luca Soldaini and Jiasen Lu and Taira Anderson and Erin Bransom and Kiana Ehsani and Huong Ngo and YenSung Chen and Ajay Patel and Mark Yatskar and Chris Callison-Burch and Andrew Head and Rose Hendrix and Favyen Bastani and Eli VanderBilt and Nathan Lambert and Yvonne Chou and Arnavi Chheda and Jenna Sparks and Sam Skjonsberg and Michael Schmitz and Aaron Sarnat and Byron Bischoff and Pete Walsh and Chris Newell and Piper Wolters and Tanmay Gupta and Kuo-Hao Zeng and Jon Borchardt and Dirk Groeneveld and Crystal Nam and Sophie Lebrecht and Caitlin Wittlif and Carissa Schoenick and Oscar Michel and Ranjay Krishna and Luca Weihs and Noah A. Smith and Hannaneh Hajishirzi and Ross Girshick and Ali Farhadi and Aniruddha Kembhavi},
      year={2024},
      eprint={2409.17146},
      archivePrefix={arXiv},
      primaryClass={cs.CV},
      url={https://arxiv.org/abs/2409.17146}, 
}